@inproceedings{caminata2020solving,
  title={Solving multivariate polynomial systems and an invariant from commutative algebra},
  author={Caminata, Alessio and Gorla, Elisa},
  booktitle={International Workshop on the Arithmetic of Finite Fields},
  pages={3--36},
  year={2020},
  organization={Springer}
}

@book{cox2013ideals,
  title={Ideals, varieties, and algorithms: an introduction to computational algebraic geometry and commutative algebra},
  author={Cox, David and Little, John and OShea, Donal},
  year={2013},
  publisher={Springer Science \& Business Media}
}

@book{atiyah1969introduction,
  title={Introduction to Commutative Algebra},
  author={Atiyah, M.F., and MacDonald, I.G.},
  year={1969},
  publisher={Addison-Wesley}
}

@book{reid1995undergraduate,
  title={Undergraduate commutative algebra},
  author={Reid, Miles},
  number={29},
  year={1995},
  publisher={Cambridge University Press}
}

