@inproceedings{caminata2020solving,
  title={Solving multivariate polynomial systems and an invariant from commutative algebra},
  author={Caminata, Alessio and Gorla, Elisa},
  booktitle={International Workshop on the Arithmetic of Finite Fields},
  pages={3--36},
  year={2020},
  organization={Springer}
}

@book{cox2013ideals,
  title={Ideals, varieties, and algorithms: an introduction to computational algebraic geometry and commutative algebra},
  author={Cox, David and Little, John and OShea, Donal},
  year={2013},
  publisher={Springer Science \& Business Media}
}

