@inproceedings{caminata2020solving,
  title={Solving multivariate polynomial systems and an invariant from commutative algebra},
  author={Caminata, Alessio and Gorla, Elisa},
  booktitle={International Workshop on the Arithmetic of Finite Fields},
  pages={3--36},
  year={2020},
  organization={Springer}
}

@book{cox2013ideals,
  title={Ideals, varieties, and algorithms: an introduction to computational algebraic geometry and commutative algebra},
  author={Cox, David and Little, John and OShea, Donal},
  year={2013},
  publisher={Springer Science \& Business Media}
}

@phdthesis{minko2021security,
  title={Security assumptions in post-quantum cryptography},
  author={Minko, Romy},
  year={2021},
  school={University of Oxford}
}

@article{caminata2023solving,
  title={Solving degree, last fall degree, and related invariants},
  author={Caminata, Alessio and Gorla, Elisa},
  journal={Journal of Symbolic Computation},
  volume={114},
  pages={322--335},
  year={2023},
  publisher={Elsevier}
}

@phdthesis{bardet2004etude,
  title={{\'E}tude des syst{\`e}mes alg{\'e}briques surd{\'e}termin{\'e}s. Applications aux codes correcteurs et {\`a} la cryptographie},
  author={Bardet, Magali},
  year={2004},
  school={Universit{\'e} Pierre et Marie Curie-Paris VI}
}

@inproceedings{bardet2004complexity,
  title={On the complexity of Gr{\"o}bner basis computation of semi-regular overdetermined algebraic equations},
  author={Bardet, Magali and Faugere, Jean-Charles and Salvy, Bruno},
  booktitle={Proceedings of the International Conference on Polynomial System Solving},
  pages={71--74},
  year={2004}
}

@book{atiyah1969introduction,
  title={Introduction to Commutative Algebra},
  author={Atiyah, M.F., and MacDonald, I.G.},
  year={1969},
  publisher={Addison-Wesley}
}

@book{reid1995undergraduate,
  title={Undergraduate commutative algebra},
  author={Reid, Miles},
  number={29},
  year={1995},
  publisher={Cambridge University Press}
}

@book{kemper2011course,
  title={A course in commutative algebra},
  author={Kemper, Gregor},
  volume={1},
  year={2011},
  publisher={Springer}
}

@article{bayer1987criterion,
  title={A criterion for detecting m-regularity},
  author={Bayer, David and Stillman, Michael},
  journal={Inventiones mathematicae},
  volume={87},
  number={1},
  pages={1--11},
  year={1987},
  publisher={Springer}
}

@book{eisenbud2005geometry,
  title={The geometry of syzygies: A second course in commutative algebra and algebraic geometry},
  author={Eisenbud, David},
  volume={229},
  year={2005},
  publisher={Springer}
}

@Misc{M2,
  author = {Grayson, Daniel R. and Stillman, Michael E.},
  title = {Macaulay2, a software system for research in algebraic geometry},
  howpublished = {Available at \url{http://www.math.uiuc.edu/Macaulay2/}}
}

@manual{sage,
  Author       = {W.\thinspace{}A. Stein and others},
  Organization = {The Sage Development Team},
  Title        = {{S}age {M}athematics {S}oftware ({V}ersion 9.6)},
  note         = {{\tt http://www.sagemath.org}},
  Year         = {2022},
}

@article{galligo1974propos,
  title={{\`A} propos du th{\'e}or{\`e}me de-pr{\'e}paration de Weierstrass, Fonctions de plusieurs variables complexes (S{\'e}m. Fran{\c{c}}ois Norguet, octobre 1970--d{\'e}cembre 1973; {\`a} la m{\'e}moire d’Andr{\'e} Martineau)},
  author={Galligo, Andr{\'e}},
  year={1974},
  publisher={Berlin, Springer}
}

@book{miller2005combinatorial,
  title={Combinatorial commutative algebra},
  author={Miller, Ezra and Sturmfels, Bernd},
  volume={227},
  year={2005},
  publisher={Springer}
}

@article{froberg1985inequality,
  title={An inequality for Hilbert series of graded algebras},
  author={Fr{\"o}berg, Ralf},
  journal={Mathematica Scandinavica},
  volume={56},
  number={2},
  pages={117--144},
  year={1985},
  publisher={JSTOR}
}

@article{pardue2010generic,
  title={Generic sequences of polynomials},
  author={Pardue, Keith},
  journal={Journal of Algebra},
  volume={324},
  number={4},
  pages={579--590},
  year={2010},
  publisher={Elsevier}
}

@inproceedings{faugere2002new,
  title={A new efficient algorithm for computing Gr{\"o}bner bases without reduction to zero (F 5)},
  author={Faugere, Jean Charles},
  booktitle={Proceedings of the 2002 international symposium on Symbolic and algebraic computation},
  pages={75--83},
  year={2002}
}

@article{TRUNG201979,
  title = {The initial ideal of generic sequences and Fröberg's Conjecture},
  journal = {Journal of Algebra},
  volume = {524},
  pages = {79-96},
  year = {2019},
  author = {Van Duc Trung}
}

@inproceedings{thomae2012solving,
  title={Solving underdetermined systems of multivariate quadratic equations revisited},
  author={Thomae, Enrico and Wolf, Christopher},
  booktitle={International Workshop on Public Key Cryptography},
  pages={156--171},
  year={2012},
  organization={Springer}
}

@article{green1998generic,
  title={Generic initial ideals},
  author={Green, Mark L and others},
  journal={Six lectures on commutative algebra},
  volume={166},
  pages={119--185},
  year={1998}
}

@article{faugere1993efficient,
  title={Efficient computation of zero-dimensional Gr{\"o}bner bases by change of ordering},
  author={Faugere, Jean-Charles and Gianni, Patrizia and Lazard, Daniel and Mora, Teo},
  journal={Journal of Symbolic Computation},
  volume={16},
  number={4},
  pages={329--344},
  year={1993},
  publisher={Elsevier}
}

@incollection{bigdeli2021semi,
  title={Semi-regular sequences and other random systems of equations},
  author={Bigdeli, Mina and De Negri, Emanuela and Dizdarevic, Manuela Muzika and Gorla, Elisa and Minko, Romy and Tsakou, Sulamithe},
  booktitle={Women in Numbers Europe III: Research Directions in Number Theory},
  pages={75--114},
  year={2021},
  publisher={Springer}
}


