3@inproceedings{caminata2020solving,
  title={Solving multivariate polynomial systems and an invariant from commutative algebra},
  author={Caminata, Alessio and Gorla, Elisa},
  booktitle={International Workshop on the Arithmetic of Finite Fields},
  pages={3--36},
  year={2020},
  organization={Springer}
}

@book{cox2013ideals,
  title={Ideals, varieties, and algorithms: an introduction to computational algebraic geometry and commutative algebra},
  author={Cox, David and Little, John and OShea, Donal},
  year={2013},
  publisher={Springer Science \& Business Media}
}

@phdthesis{minko2021security,
  title={Security assumptions in post-quantum cryptography},
  author={Minko, Romy},
  year={2021},
  school={University of Oxford}
}

@article{caminata2023solving,
  title={Solving degree, last fall degree, and related invariants},
  author={Caminata, Alessio and Gorla, Elisa},
  journal={Journal of Symbolic Computation},
  volume={114},
  pages={322--335},
  year={2023},
  publisher={Elsevier}
}

@phdthesis{bardet2004etude,
  title={{\'E}tude des syst{\`e}mes alg{\'e}briques surd{\'e}termin{\'e}s. Applications aux codes correcteurs et {\`a} la cryptographie},
  author={Bardet, Magali},
  year={2004},
  school={Universit{\'e} Pierre et Marie Curie-Paris VI}
}

@inproceedings{bardet2004complexity,
  title={On the complexity of Gr{\"o}bner basis computation of semi-regular overdetermined algebraic equations},
  author={Bardet, Magali and Faugere, Jean-Charles and Salvy, Bruno},
  booktitle={Proceedings of the International Conference on Polynomial System Solving},
  pages={71--74},
  year={2004}
}

@book{atiyah1969introduction,
  title={Introduction to Commutative Algebra},
  author={Atiyah, M.F., and MacDonald, I.G.},
  year={1969},
  publisher={Addison-Wesley}
}

@book{reid1995undergraduate,
  title={Undergraduate commutative algebra},
  author={Reid, Miles},
  number={29},
  year={1995},
  publisher={Cambridge University Press}
}

@book{kemper2011course,
  title={A course in commutative algebra},
  author={Kemper, Gregor},
  volume={1},
  year={2011},
  publisher={Springer}
}

@article{bayer1987criterion,
  title={A criterion for detecting m-regularity},
  author={Bayer, David and Stillman, Michael},
  journal={Inventiones mathematicae},
  volume={87},
  number={1},
  pages={1--11},
  year={1987},
  publisher={Springer}
}

